@article{vickerman1974accessibility,
	title        = {Accessibility, attraction, and potential: a review of some concepts and their use in determining mobility},
	author       = {Vickerman, Roger W},
	year         = 1974,
	journal      = {Environment and Planning A},
	publisher    = {SAGE Publications Sage UK: London, England},
	volume       = 6,
	number       = 6,
	pages        = {675--691}
}
@article{handy1997measuring,
	title        = {Measuring accessibility: an exploration of issues and alternatives},
	author       = {Handy, Susan L and Niemeier, Debbie A},
	year         = 1997,
	journal      = {Environment and Planning A},
	publisher    = {SAGE Publications Sage UK: London, England},
	volume       = 29,
	number       = 7,
	pages        = {1175--1194}
}
@article{landvoigt2015housing,
  title={The housing market (s) of San Diego},
  author={Landvoigt, Tim and Piazzesi, Monika and Schneider, Martin},
  journal={American Economic Review},
  volume={105},
  number={4},
  pages={1371--1407},
  year={2015}
}
@article{giuliano1993journey,
  title={Is the journey to work explained by urban structure?},
  author={Giuliano, Genevieve and Small, Kenneth A},
  journal={Urban studies},
  volume={30},
  number={9},
  pages={1485--1500},
  year={1993},
  publisher={Sage Publications Sage UK: London, England}
}
@article{nelson1993assessing,
	title        = {Assessing urban growth management: The case of {P}ortland, {O}regon, the USA's largest urban growth boundary},
	author       = {Nelson, Arthur C and Moore, Terry},
	year         = 1993,
	journal      = {Land Use Policy},
	publisher    = {Elsevier},
	volume       = 10,
	number       = 4,
	pages        = {293--302}
}
@article{gatrell1999health,
	title        = {Health and health care applications},
	author       = {Gatrell, A and Senior, M},
	year         = 1999,
	journal      = {Geographical Information systems: Principles, techniques, applications and management},
	publisher    = {Citeseer}
}
@article{van1999accessibility,
	title        = {Accessibility analysis and spatial competition effects in the context of {GIS}-supported service location planning},
	author       = {Van Eck, JR Ritsema and de Jong, Tom},
	year         = 1999,
	journal      = {Computers, Environment and Urban Systems},
	publisher    = {Elsevier},
	volume       = 23,
	number       = 2,
	pages        = {75--89}
}
@article{arapoglou2009new,
	title        = {New facets of urban segregation in southern Europe: Gender, migration and social class change in {A}thens},
	author       = {Arapoglou, Vassilis P and Sayas, John},
	year         = 2009,
	journal      = {European Urban and Regional Studies},
	publisher    = {SAGE Publications Sage UK: London, England},
	volume       = 16,
	number       = 4,
	pages        = {345--362}
}
@article{fol2014social,
	title        = {Social inequalities in urban access},
	author       = {Fol, Sylvie and Gallez, Caroline},
	year         = 2014,
	journal      = {Urban access for the 21st century: Finance and Governance Models for Transport Infrastructure},
	pages        = {46--86}
}
@book{ewing2002measuring,
	title        = {Measuring sprawl and its impact},
	author       = {Ewing, Reid H and Pendall, Rolf and Chen, Donald DT},
	year         = 2002,
	publisher    = {Smart Growth America Washington, DC},
	volume       = 1
}
@article{ewing2016does,
	title        = {Does urban sprawl hold down upward mobility?},
	author       = {Ewing, Reid and Hamidi, Shima and Grace, James B and Wei, Yehua Dennis},
	year         = 2016,
	journal      = {Landscape and Urban Planning},
	publisher    = {Elsevier},
	volume       = 148,
	pages        = {80--88}
}
@article{liu2004accessibility,
	title        = {Accessibility analyst: an integrated {GIS} tool for accessibility analysis in urban transportation planning},
	author       = {Liu, Suxia and Zhu, Xuan},
	year         = 2004,
	journal      = {Environment and Planning B: Planning and Design},
	publisher    = {SAGE Publications Sage UK: London, England},
	volume       = 31,
	number       = 1,
	pages        = {105--124}
}
@article{wasmer2002does,
  title={Does city structure affect job search and welfare?},
  author={Wasmer, Etienne and Zenou, Yves},
  journal={Journal of urban Economics},
  volume={51},
  number={3},
  pages={515--541},
  year={2002},
  publisher={Elsevier}
}
@article{stoll1999spatial,
  title={Spatial job search, spatial mismatch, and the employment and wages of racial and ethnic groups in Los Angeles},
  author={Stoll, Michael A},
  journal={Journal of Urban Economics},
  volume={46},
  number={1},
  pages={129--155},
  year={1999},
  publisher={Elsevier}
}
@article{rosenbaum1995changing,
  title={Changing the geography of opportunity by expanding residential choice: Lessons from the Gautreaux program},
  author={Rosenbaum, James E},
  journal={Housing Policy Debate},
  volume={6},
  number={1},
  pages={231--269},
  year={1995},
  publisher={Taylor \& Francis}
}
@article{darrah2014living,
  title={“Living here has changed my whole perspective”: How escaping inner-city poverty shapes neighborhood and housing choice},
  author={Darrah, Jennifer and DeLuca, Stefanie},
  journal={Journal of Policy Analysis and Management},
  volume={33},
  number={2},
  pages={350--384},
  year={2014},
  publisher={Wiley Online Library}
}
@book{turner2009public,
  title={Public housing and the legacy of segregation},
  author={Turner, Margery Austin and Popkin, Susan J and Rawlings, Lynette},
  year={2009},
  publisher={The Urban Insitute}
}
@article{lewis1966culture,
  title={The culture of poverty},
  author={Lewis, Oscar},
  journal={Scientific American},
  volume={215},
  number={4},
  pages={19--25},
  year={1966},
  publisher={JSTOR}
}
@book{de2010moving,
  title={Moving to opportunity: The story of an American experiment to fight ghetto poverty},
  author={de Souza Briggs, Xavier and Popkin, Susan J and Goering, John},
  year={2010},
  publisher={Oxford University Press}
}
@book{becker2009human,
	title        = {Human capital: A theoretical and empirical analysis, with special reference to education},
	author       = {Becker, Gary S},
	year         = 2009,
	publisher    = {University of Chicago press}
}
@article{beggs1997social,
	title        = {The social context of men's and women's job search ties: Membership in voluntary organizations, social resources, and job search outcomes},
	author       = {Beggs, John J and Hurlbert, Jeanne S},
	year         = 1997,
	journal      = {Sociological Perspectives},
	publisher    = {SAGE Publications Sage CA: Los Angeles, CA},
	volume       = 40,
	number       = 4,
	pages        = {601--622}
}
@article{tigges1998social,
	title        = {Social isolation of the urban poor: Race, class, and neighborhood effects on social resources},
	author       = {Tigges, Leann M and Browne, Irene and Green, Gary P},
	year         = 1998,
	journal      = {Sociological Quarterly},
	publisher    = {Wiley Online Library},
	volume       = 39,
	number       = 1,
	pages        = {53--77}
}
@book{jacobs1961death,
	title        = {The Death and Life of Great {A}merican Cities},
	author       = {Jacobs, J.},
	year         = 1961,
	publisher    = {Vintage Books},
	series       = {Vintage Books ed},
	isbn         = 9780679741954,
	url          = {https://books.google.co.uk/books?id=P\_bPTgOoBYkC},
	lccn         = 92032407
}
@article{fan2012planners,
	title        = {The planners’ war against spatial mismatch: Lessons learned and ways forward},
	author       = {Fan, Yingling},
	year         = 2012,
	journal      = {Journal of Planning Literature},
	publisher    = {Sage Publications Sage CA: Los Angeles, CA},
	volume       = 27,
	number       = 2,
	pages        = {153--169}
}
@article{massey1989hypersegregation,
	title        = {Hypersegregation in {US} metropolitan areas: Black and Hispanic segregation along five dimensions},
	author       = {Massey, Douglas S and Denton, Nancy A},
	year         = 1989,
	journal      = {Demography},
	publisher    = {Springer},
	volume       = 26,
	number       = 3,
	pages        = {373--391}
}
@article{sanchez2011subjective,
	title        = {The subjective experience of social class and upward mobility among {A}frican {A}merican men in graduate school.},
	author       = {S{\'a}nchez, Francisco J and Liu, William Ming and Leathers, Leslie and Goins, Joyce and Vilain, Eric},
	year         = 2011,
	journal      = {Psychology of Men \& Masculinity},
	publisher    = {Educational Publishing Foundation},
	volume       = 12,
	number       = 4,
	pages        = 368
}
@article{charles2003dynamics,
	title        = {The dynamics of racial residential segregation},
	author       = {Charles, Camille Zubrinsky},
	year         = 2003,
	journal      = {Annual Review of Sociology},
	publisher    = {Annual Reviews 4139 El Camino Way, PO Box 10139, Palo Alto, CA 94303-0139, USA},
	volume       = 29,
	number       = 1,
	pages        = {167--207}
}
@article{alesina1999public,
	title        = {Public goods and ethnic divisions},
	author       = {Alesina, Alberto and Baqir, Reza and Easterly, William},
	year         = 1999,
	journal      = {The Quarterly Journal of Economics},
	publisher    = {MIT Press},
	volume       = 114,
	number       = 4,
	pages        = {1243--1284}
}
@article{alesina2000participation,
	title        = {Participation in heterogeneous communities},
	author       = {Alesina, Alberto and La Ferrara, Eliana},
	year         = 2000,
	journal      = {The Quarterly Journal of Economics},
	publisher    = {MIT Press},
	volume       = 115,
	number       = 3,
	pages        = {847--904}
}
@article{cutler1997ghettos,
	title        = {Are ghettos good or bad?},
	author       = {Cutler, David M and Glaeser, Edward L},
	year         = 1997,
	journal      = {The Quarterly Journal of Economics},
	publisher    = {MIT Press},
	volume       = 112,
	number       = 3,
	pages        = {827--872}
}
@inproceedings{davidson1995accessibility,
	title        = {Accessibility and isolation in transport network evaluation},
	author       = {Davidson, Kenneth Bell},
	year         = 1995,
	booktitle    = {Proceedings of the VII World Conference on Transport Research},
	pages        = {8--10},
	organization = {The University of South Wales Sidney}
}
@article{karou2012accessibility,
	title        = {Accessibility measures and instruments},
	author       = {Karou, Saleem and Hull, Angela},
	year         = 2012,
	journal      = {COST Action TU1002—Accessibility Instruments for Planning Practice},
	pages        = {1--19}
}
@article{ferrer2018sustainable,
	title        = {Sustainable urban infrastructure: A review},
	author       = {Ferrer, Ana Luiza Carvalho and Thom{\'e}, Ant{\^o}nio M{\'a}rcio Tavares and Scavarda, Annibal Jos{\'e}},
	year         = 2018,
	journal      = {Resources, Conservation and Recycling},
	publisher    = {Elsevier},
	volume       = 128,
	pages        = {360--372}
}
@article{geurs2004accessibility,
	title        = {Accessibility evaluation of land-use and transport strategies: review and research directions},
	author       = {Geurs, Karst T and Van Wee, Bert},
	year         = 2004,
	journal      = {Journal of Transport geography},
	publisher    = {Elsevier},
	volume       = 12,
	number       = 2,
	pages        = {127--140}
}
@article{farrington2007new,
	title        = {The new narrative of accessibility: its potential contribution to discourses in (transport) geography},
	author       = {Farrington, John H},
	year         = 2007,
	journal      = {Journal of Transport Geography},
	publisher    = {Elsevier},
	volume       = 15,
	number       = 5,
	pages        = {319--330}
}
@book{banister2005unsustainable,
	title        = {Unsustainable transport: city transport in the new century},
	author       = {Banister, David},
	year         = 2005,
	publisher    = {Routledge}
}
@article{ingram1971concept,
	title        = {The concept of accessibility: a search for an operational form},
	author       = {Ingram, David R},
	year         = 1971,
	journal      = {Regional studies},
	publisher    = {Taylor \& Francis},
	volume       = 5,
	number       = 2,
	pages        = {101--107}
}
@article{piovani2018measuring,
  title={Measuring accessibility using gravity and radiation models},
  author={Piovani, Duccio and Arcaute, Elsa and Uchoa, Gabriela and Wilson, Alan and Batty, Michael},
  journal={Royal Society open science},
  volume={5},
  number={9},
  pages={171668},
  year={2018},
  publisher={The Royal Society Publishing}
}
@article{masucci2013gravity,
  title={Gravity versus radiation models: On the importance of scale and heterogeneity in commuting flows},
  author={Masucci, A Paolo and Serras, Joan and Johansson, Anders and Batty, Michael},
  journal={Physical Review E},
  volume={88},
  number={2},
  pages={022812},
  year={2013},
  publisher={APS}
}
@book{geurs2012accessibility,
  title={Accessibility analysis and transport planning: challenges for Europe and North America},
  author={Geurs, Karst T and Krizek, Kevin J and Reggiani, Aura},
  year={2012},
  publisher={Edward Elgar Publishing}
}
@article{cervero1997paradigm,
  title={Paradigm shift: from automobility to accessibility planning},
  author={Cervero, Robert and others},
  journal={Urban Futures (Canberra)},
  number={22},
  pages={9},
  year={1997},
  publisher={Housing and Urban Policy Section of the Dept. of Industry, Technology and~…}
}
@article{yang2019comprehensive,
  title={Comprehensive Public Transport Service Accessibility Index—A New Approach Based on Degree Centrality and Gravity Model},
  author={Yang, Ruqin and Liu, Yaolin and Liu, Yanfang and Liu, Hui and Gan, Wenxia},
  journal={Sustainability},
  volume={11},
  number={20},
  pages={5634},
  year={2019},
  publisher={Multidisciplinary Digital Publishing Institute}
}
@article{cheng2013measuring,
	title        = {Measuring urban job accessibility with distance decay, competition and diversity},
	author       = {Cheng, Jianquan and Bertolini, Luca},
	year         = 2013,
	journal      = {Journal of Transport Geography},
	publisher    = {Elsevier},
	volume       = 30,
	pages        = {100--109}
}
@article{hansen1959accessibility,
	title        = {How accessibility shapes land use},
	author       = {Hansen, Walter G},
	year         = 1959,
	journal      = {Journal of the American Institute of planners},
	publisher    = {Taylor \& Francis},
	volume       = 25,
	number       = 2,
	pages        = {73--76}
}
@article{brondeel2014use,
	title        = {Use of healthcare services in the residence and workplace neighbourhood: the effect of spatial accessibility to healthcare services},
	author       = {Brondeel, Ruben and Weill, Alain and Thomas, Fr{\'e}d{\'e}rique and Chaix, Basile},
	year         = 2014,
	journal      = {Health \& place},
	publisher    = {Elsevier},
	volume       = 30,
	pages        = {127--133}
}
@article{sa2006does,
	title        = {Does accessibility to higher education matter? Choice behaviour of high school graduates in the Netherlands},
	author       = {S{\'a}, Carla and Florax, Raymond JGM and Rietveld, Piet},
	year         = 2006,
	journal      = {Spatial Economic Analysis},
	publisher    = {Taylor \& Francis},
	volume       = 1,
	number       = 2,
	pages        = {155--174}
}
@article{tsou2005accessibility,
	title        = {An accessibility-based integrated measure of relative spatial equity in urban public facilities},
	author       = {Tsou, Ko-Wan and Hung, Yu-Ting and Chang, Yao-Lin},
	year         = 2005,
	journal      = {Cities},
	publisher    = {Elsevier},
	volume       = 22,
	number       = 6,
	pages        = {424--435}
}
@article{muraco1972intraurban,
	title        = {Intraurban {A}ccessibility},
	author       = {Muraco, William A},
	year         = 1972,
	journal      = {Economic Geography},
	publisher    = {Taylor \& Francis},
	volume       = 48,
	number       = 4,
	pages        = {388--405}
}
@article{batty2009cities,
	title        = {Cities as Complex Systems: Scaling, Interaction, Networks, Dynamics and Urban Morphologies.},
	author       = {Batty, Michael},
	year         = 2009,
	publisher    = {Springer},
	pages        = {1041--1071}
}
@article{li2013residential,
	title        = {Residential segregation, spatial mismatch and economic growth across {US} metropolitan areas},
	author       = {Li, Huiping and Campbell, Harrison and Fernandez, Steven},
	year         = 2013,
	journal      = {Urban Studies},
	publisher    = {SAGE Publications Sage UK: London, England},
	volume       = 50,
	number       = 13,
	pages        = {2642--2660}
}
@article{jencks1990residential,
	title        = {Residential segregation, job proximity, and black job opportunities},
	author       = {Jencks, Christopher and Mayer, Susan E},
	year         = 1990,
	journal      = {Inner-city Poverty in the United States},
	publisher    = {Washington, DC: National Academic Press},
	pages        = {187--222}
}
@article{kneebone2015growing,
	title        = {The growing distance between people and jobs in metropolitan {A}merica},
	author       = {Kneebone, Elizabeth and Holmes, Natalie},
	year         = 2015,
	journal      = {The Brookings Institution, March}
}
@misc{miller2018accessibility,
	title        = {Accessibility: measurement and application in transportation planning},
	author       = {Miller, Eric J},
	year         = 2018,
	publisher    = {Taylor \& Francis}
}
@techreport{bhat2000development,
	title        = {Development of an urban accessibility index: Literature review},
	author       = {Bhat, Chandra and Handy, Susan and Kockelman, Kara and Mahmassani, Hani and Chen, Qinglin and Weston, Lisa and others},
	year         = 2000,
	institution  = {University of Texas at Austin. Center for Transportation Research}
}
@inproceedings{hansen2009analysing,
	title        = {Analysing the role of accessibility in contemporary urban development},
	author       = {Hansen, Henning Sten},
	year         = 2009,
	booktitle    = {International Conference on Computational Science and Its Applications},
	pages        = {385--396},
	organization = {Springer}
}
@article{aaslund2010important,
  title={How important is access to jobs? Old question—improved answer},
  author={{\AA}slund, Olof and {\"O}sth, John and Zenou, Yves},
  journal={Journal of Economic Geography},
  volume={10},
  number={3},
  pages={389--422},
  year={2010},
  publisher={Oxford University Press}
}
@article{wilson1971family,
	title        = {A family of spatial interaction models, and associated developments},
	author       = {Wilson, Alan Geoffrey},
	year         = 1971,
	journal      = {Environment and Planning A},
	publisher    = {Sage Publications Sage UK: London, England},
	volume       = 3,
	number       = 1,
	pages        = {1--32}
}
@article{dujardin2005neighborhood,
  title={Neighborhood effects, public housing and unemployment in France},
  author={Dujardin, Claire and Goffette-Nagot, Florence},
  year={2005},
  publisher={GATE Working paper}
}
@article{mcneil2011bikeability,
  title={Bikeability and the 20-min neighborhood: How infrastructure and destinations influence bicycle accessibility},
  author={McNeil, Nathan},
  journal={Transportation research record},
  volume={2247},
  number={1},
  pages={53--63},
  year={2011},
  publisher={SAGE Publications Sage CA: Los Angeles, CA}
}
@article{black1999theory,
	title        = {A theory of urban growth},
	author       = {Black, Duncan and Henderson, Vernon},
	year         = 1999,
	journal      = {Journal of Political Economy},
	publisher    = {The University of Chicago Press},
	volume       = 107,
	number       = 2,
	pages        = {252--284}
}
@article{weber2002bringing,
  title={Bringing time back in: A study on the influence of travel time variations and facility opening hours on individual accessibility},
  author={Weber, Joe and Kwan, Mei-Po},
  journal={The professional geographer},
  volume={54},
  number={2},
  pages={226--240},
  year={2002},
  publisher={Taylor \& Francis}
}
@article{o2012spatial,
	title        = {Spatial interaction models from {I}rish commuting data: variations in trip length by occupation and gender},
	author       = {O’Kelly, Morton E and Niedzielski, Michael A and Gleeson, Justin},
	year         = 2012,
	journal      = {Journal of Geographical Systems},
	publisher    = {Springer},
	volume       = 14,
	number       = 4,
	pages        = {357--387}
}
@article{ohnishi2011evolution,
  title={On the evolution of the house price distribution},
  author={Ohnishi, Takaaki and Mizuno, Takayuki and Shimizu, Chihiro and Watanabe, Tsutomu},
  year={2011}
}
@article{de2013explaining,
  title={Explaining the spatial variation in housing prices: an economic geography approach},
  author={De Bruyne, Karolien and Van Hove, Jan},
  journal={Applied Economics},
  volume={45},
  number={13},
  pages={1673--1689},
  year={2013},
  publisher={Taylor \& Francis}
}
@article{luo2014integrating,
	title        = {Integrating the {H}uff model and floating catchment area methods to analyze spatial access to healthcare services},
	author       = {Luo, Jun},
	year         = 2014,
	journal      = {Transactions in GIS},
	publisher    = {Wiley Online Library},
	volume       = 18,
	number       = 3,
	pages        = {436--448}
}
@article{maattanen2014income,
  title={Income distribution and housing prices: An assignment model approach},
  author={M{\"a}{\"a}tt{\"a}nen, Niku and Tervi{\"o}, Marko},
  journal={Journal of Economic Theory},
  volume={151},
  pages={381--410},
  year={2014},
  publisher={Elsevier}
}
@article{hernandez2006information,
  title={The information content of regional employment data for forecasting aggregate conditions},
  author={Hern{\'a}ndez-Murillo, Rub{\'e}n and Owyang, Michael T},
  journal={Economics Letters},
  volume={90},
  number={3},
  pages={335--339},
  year={2006},
  publisher={Elsevier}
}
@article{kantorovich1992equilibrium,
  title={Equilibrium models of spatial interaction with locational-capacity constraints},
  author={Kantorovich, Ye G},
  journal={Environment and Planning A},
  volume={24},
  number={8},
  pages={1077--1095},
  year={1992},
  publisher={SAGE Publications Sage UK: London, England}
}
@article{haynes2020gravity,
  title={Gravity and spatial interaction models},
  author={Haynes, Kingsley E and Fotheringham, A Stewart},
  year={2020},
  publisher={Regional Research Institute, West Virginia University}
}
@article{handy2020accessibility,
  title={Is accessibility an idea whose time has finally come?},
  author={Handy, Susan},
  journal={Transportation Research Part D: Transport and Environment},
  volume={83},
  pages={102319},
  year={2020},
  publisher={Elsevier}
}
@article{geurs2015recent,
  title={Recent advances and applications in accessibility modelling},
  author={Geurs, Karst T and De Montis, Andrea and Reggiani, Aura},
  journal={Computers, environment and urban systems},
  volume={49},
  pages={82--85},
  year={2015},
  publisher={Elsevier Publishing}
}
@article{hillier2003spatial,
  title={Spatial analysis of historical redlining: a methodological exploration},
  author={Hillier, Amy E},
  journal={Journal of Housing Research},
  pages={137--167},
  year={2003},
  publisher={JSTOR}
}
@article{gobillon2007mechanisms,
  title={The mechanisms of spatial mismatch},
  author={Gobillon, Laurent and Selod, Harris and Zenou, Yves},
  journal={Urban studies},
  volume={44},
  number={12},
  pages={2401--2427},
  year={2007},
  publisher={Sage Publications Sage UK: London, England}
}
@article{ihlanfeldt1994spatial,
  title={The spatial mismatch between jobs and residential locations within urban areas},
  author={Ihlanfeldt, Keith},
  journal={Cityscape},
  volume={1},
  number={1},
  pages={219--244},
  year={1994},
  publisher={JSTOR}
}
@article{kain1992spatial,
  title={The spatial mismatch hypothesis: three decades later},
  author={Kain, John F},
  journal={Housing policy debate},
  volume={3},
  number={2},
  pages={371--460},
  year={1992},
  publisher={Taylor \& Francis}
}
@article{massey1988dimensions,
  title={The dimensions of residential segregation},
  author={Massey, Douglas S and Denton, Nancy A},
  journal={Social forces},
  volume={67},
  number={2},
  pages={281--315},
  year={1988},
  publisher={Oxford University Press}
}
@article{cervero1995job,
  title={Job accessibility as a performance indicator: An analysis of trends and their social policy implications in the San Francisco Bay Area},
  author={Cervero, Robert and Rood, Timothy and Appleyard, Bruce},
  year={1995}
}
@article{curl2011does,
	title        = {Does accessibility planning address what matters? A review of current practice and practitioner perspectives},
	author       = {Curl, Angela and Nelson, John D and Anable, Jillian},
	year         = 2011,
	journal      = {Research in Transportation Business \& Management},
	publisher    = {Elsevier},
	volume       = 2,
	pages        = {3--11}
}
@article{mackiewicz1996towards,
	title        = {Towards a new definition of topological accessibility},
	author       = {Ma{\'c}kiewicz, Andrzej and Ratajczak, Waldemar},
	year         = 1996,
	journal      = {Transportation Research Part B: Methodological},
	publisher    = {Elsevier},
	volume       = 30,
	number       = 1,
	pages        = {47--79}
}
@techreport{redfearn2011network,
	title        = {Network accessibility \& the evoluation of urban employment.},
	author       = {Redfearn, Christian and Giuliano, Genevieve and Agarwal, Ajay and He, Sylvia and Hu, Lingqian and Center, METRANS Transportation},
	year         = 2011,
	institution  = {METRANS Transportation Center}
}
@article{black1977accessibility,
  title={Accessibility measures and the social evaluation of urban structure},
  author={Black, John and Conroy, M},
  journal={Environment and Planning A},
  volume={9},
  number={9},
  pages={1013--1031},
  year={1977},
  publisher={SAGE Publications Sage UK: London, England}
}
@article{watts2009impact,
  title={The impact of spatial imbalance and socioeconomic characteristics on average distance commuted in the Sydney metropolitan area},
  author={Watts, Martin John},
  journal={Urban Studies},
  volume={46},
  number={2},
  pages={317--339},
  year={2009},
  publisher={SAGE Publications Sage UK: London, England}
}
@article{osland2010spatial,
  title={Spatial variation in job accessibility and gender: an intraregional analysis using hedonic house-price estimation},
  author={Osland, Liv},
  journal={Environment and Planning A},
  volume={42},
  number={9},
  pages={2220--2237},
  year={2010},
  publisher={SAGE Publications Sage UK: London, England}
}
 @article{wiesel_2020, 
 title={How the housing boom has driven rising inequality}, url={https://theconversation.com/how-the-housing-boom-has-driven-rising-inequality-102581}, 
 journal={The Conversation}, 
 author={Wiesel, Ilan and Ralston, Liss and Stone, Wendy}, 
 year={2020}, 
 month={Aug}} 
 
@article{sila2019income,
  title={Income, wealth and earnings inequality in Australia: Evidence from the HILDA Survey},
  author={Sila, Urban and Dugain, Val{\'e}ry},
  year={2019},
  publisher={OECD}
}
 @article{p_aus_2019,
 journal={The Parliament of the Commonwealth of Australia}, 
 author={{PCA}}, 
 title ={Treasure Laws Amendment (Medicare Levy and Medicare Levy Surcharge) Bill 2019},
 year={2019}, 
 pages = {1–17}
 } 
 @article{acoss_2016, 
 place={Stawberry Hills, New South Wales}, 
 series={1326 7124}, 
 title={Poverty in Australia 2016}, 
 journal={The Australian Council of Social Service}, 
 author={{ACOSS}}, 
 year = {2016}, 
 pages = {1--41}, 
 edition={1326 7124}
} 
@article{abs_2017, 
title={Total Personal Income (weekly) (INCP)}, 
url={https://www.abs.gov.au/ausstats/abs@.nsf/Lookup/by Subject/2900.0~2016~Main Features~INCP Total Personal Income (weekly)~10059}, 
journal={Australian Bureau of Statistics},
author={ABS}, 
year={2017}, 
month={Nov}
}
@article{fabian2014method,
  title={Method of the Geographically Weighted Regression and an Example for its Application},
  author={F{\'a}bi{\'a}n, Zs{\'o}fia and others},
  journal={Regional Statistics},
  number={01},
  pages={61--75},
  year={2014},
  publisher={K{\"o}zponti Statisztikai Hivatal}
}
@article{arcaute2016cities,
  title={Cities and regions in Britain through hierarchical percolation},
  author={Arcaute, Elsa and Molinero, Carlos and Hatna, Erez and Murcio, Roberto and Vargas-Ruiz, Camilo and Masucci, A Paolo and Batty, Michael},
  journal={Royal Society open science},
  volume={3},
  number={4},
  pages={150691},
  year={2016},
  publisher={The Royal Society}
}
@article{mantey2017social,
  title={Social consequences of gated communities: The case of suburban Warsaw},
  author={Mantey, Dorota},
  journal={The Professional Geographer},
  volume={69},
  number={1},
  pages={151--161},
  year={2017},
  publisher={Taylor \& Francis}
}
@article{batty2012urban,
  title={Urban regeneration as self-organisation},
  author={Batty, Michael},
  journal={Architectural Design},
  volume={82},
  number={1},
  pages={54--59},
  year={2012},
  publisher={Wiley Online Library}
}
@incollection{duranton2004micro,
  title={Micro-foundations of urban agglomeration economies},
  author={Duranton, Gilles and Puga, Diego},
  booktitle={Handbook of regional and urban economics},
  volume={4},
  pages={2063--2117},
  year={2004},
  publisher={Elsevier}
}
@article{fischer2003relative,
  title={The relative importance of income and race in determining residential outcomes in US urban areas, 1970-2000},
  author={Fischer, Mary J},
  journal={Urban Affairs Review},
  volume={38},
  number={5},
  pages={669--696},
  year={2003},
  publisher={Sage Publications}
}
@book{wilson2013entropy,
  title={Entropy in Urban and Regional Modelling (Routledge Revivals)},
  author={Wilson, Alan},
  year={2013},
  publisher={Routledge}
}
@article{batty2014entropy,
  title={Entropy, complexity, and spatial information},
  author={Batty, Michael and Morphet, Robin and Masucci, Paolo and Stanilov, Kiril},
  journal={Journal of geographical systems},
  volume={16},
  number={4},
  pages={363--385},
  year={2014},
  publisher={Springer}
}
@article{tan2003laws,
  title={The laws of the information entropy values of land use composition},
  author={Tan, YZ and Wu, Ci-fang},
  journal={Journal of natural resources},
  volume={18},
  number={1},
  pages={112--117},
  year={2003}
}
@book{bruce2020practical,
  title={Practical Statistics for Data Scientists: 50+ Essential Concepts Using R and Python},
  author={Bruce, Peter and Bruce, Andrew and Gedeck, Peter},
  year={2020},
  publisher={O'Reilly Media}
}
@article{albuquerque2017geographically,
  title={Geographically weighted logistic regression applied to credit scoring models},
  author={Albuquerque, Pedro Henrique Melo and Medina, Fabio Augusto Scalet and Silva, Alan Ricardo da},
  journal={Revista Contabilidade \& Finan{\c{c}}as},
  volume={28},
  number={73},
  pages={93--112},
  year={2017},
  publisher={SciELO Brasil}
}
@book{gareth2013introduction,
  title={An introduction to statistical learning: with applications in R},
  author={Gareth, James and Daniela, Witten and Trevor, Hastie and Robert, Tibshirani},
  year={2013},
  publisher={Spinger}
}
@article{oshan2019comment,
  title={A comment on geographically weighted regression with parameter-specific distance metrics},
  author={Oshan, Taylor and Wolf, Levi John and Fotheringham, A Stewart and Kang, Wei and Li, Ziqi and Yu, Hanchen},
  journal={International Journal of Geographical Information Science},
  volume={33},
  number={7},
  pages={1289--1299},
  year={2019},
  publisher={Taylor \& Francis}
}
@article{fotheringham2016geographically,
  title={Geographically weighted regression and multicollinearity: dispelling the myth},
  author={Fotheringham, A Stewart and Oshan, Taylor M},
  journal={Journal of Geographical Systems},
  volume={18},
  number={4},
  pages={303--329},
  year={2016},
  publisher={Springer}
}
@book{fotheringham2003geographically,
  title={Geographically weighted regression: the analysis of spatially varying relationships},
  author={Fotheringham, A Stewart and Brunsdon, Chris and Charlton, Martin},
  year={2003},
  publisher={John Wiley \& Sons}
}
@article{dennett2012estimating,
  title={Estimating flows between geographical locations:‘get me started in’spatial interaction modelling},
  author={Dennett, Adam},
  journal={Technical report},
  year={2012},
  publisher={Citeseer}
}
@misc{topf_2009, 
journal={OpenStreetMap Data in Layered GIS Format}, 
institution={GeoFrabrik}, 
author={Topf, Jochen}, 
year={2009}, 
pages={1–9}
} 
 @misc{abs_2016, 
 title={Census of Population and Housing Destination Zones, August 2016}, 
 url={https://www.abs.gov.au/statistics/people/population/census-population-and-housing-destination-zones/latest-release}, 
 publisher={Australian Bureau of Statistics}, 
 author={{ABS}}, 
 year={2016}, 
 month={Dec}} 
@article{badland2016conceptualising,
  title={Conceptualising and measuring spatial indicators of employment through a liveability lens},
  author={Badland, Hannah and Davern, Melanie and Villanueva, Karen and Mavoa, Suzanne and Milner, Allison and Roberts, Rebecca and Giles-Corti, Billie},
  journal={Social indicators research},
  volume={127},
  number={2},
  pages={565--576},
  year={2016},
  publisher={Springer}
}
@article{yates2016does,
  title={Why does Australia have an affordable housing problem and what can be done about it?},
  author={Yates, Judith},
  journal={Australian Economic Review},
  volume={49},
  number={3},
  pages={328--339},
  year={2016},
  publisher={Wiley Online Library}
}
 @article{gittins_2018, 
 title={Inequality: Nothing to see here is not the true picture}, 
 url={https://www.smh.com.au/business/the-economy/inequality-nothing-to-see-here-is-not-the-true-picture-20180831-p500ww.html}, journal={The Sydney Morning Herald}, 
 publisher={The Sydney Morning Herald}, 
 author={Gittins, Ross}, 
 year={2018}, month={Aug}
 } 
@article{davidson2018inequality,
  title={Inequality in australia 2018},
  author={Davidson, P and Saunders, P and Phillips, J},
  journal={Strawberry Hills, NSW: ACOSS and UNSW Sydney},
  year={2018}
}
@article{australian2018rising,
  title={Rising inequality? A stocktake of the evidence},
  author={{AGPC}},
  publisher = {The Australian Government Productivity Commission},
  year={{2018}},
  journal={Productivity Commission Research Paper},
  pages = {1--162}
}
@article{paez2012measuring,
  title={Measuring accessibility: positive and normative implementations of various accessibility indicators},
  author={P{\'a}ez, Antonio and Scott, Darren M and Morency, Catherine},
  journal={Journal of Transport Geography},
  volume={25},
  pages={141--153},
  year={2012},
  publisher={Elsevier}
}